<?xml version="1.0" encoding="UTF-8"?>
<marcx:record format="danMARC2" type="Bibliographic" xmlns:marcx="info:lc/xmlns/marcxchange-v1">
      <marcx:leader>00000n    2200000   4500</marcx:leader>
      <marcx:datafield tag="001" ind1="0" ind2="0">
        <marcx:subfield code="a">0 616 911 2</marcx:subfield>
        <marcx:subfield code="b">870970</marcx:subfield>
        <marcx:subfield code="c">20121020140851</marcx:subfield>
        <marcx:subfield code="d">19850109</marcx:subfield>
        <marcx:subfield code="f">a</marcx:subfield>
        <marcx:subfield code="o">c</marcx:subfield>
      </marcx:datafield>
      <marcx:datafield tag="004" ind1="0" ind2="0">
        <marcx:subfield code="r">n</marcx:subfield>
        <marcx:subfield code="a">e</marcx:subfield>
      </marcx:datafield>
      <marcx:datafield tag="008" ind1="0" ind2="0">
        <marcx:subfield code="t">m</marcx:subfield>
        <marcx:subfield code="u">r</marcx:subfield>
        <marcx:subfield code="a">1984</marcx:subfield>
        <marcx:subfield code="v">0</marcx:subfield>
        <marcx:subfield code="z">1992</marcx:subfield>
        <marcx:subfield code="b">dk</marcx:subfield>
        <marcx:subfield code="j">f</marcx:subfield>
        <marcx:subfield code="l">dan</marcx:subfield>
        <marcx:subfield code="o">b</marcx:subfield>
      </marcx:datafield>
      <marcx:datafield tag="009" ind1="0" ind2="0">
        <marcx:subfield code="a">a</marcx:subfield>
        <marcx:subfield code="g">xx</marcx:subfield>
      </marcx:datafield>
      <marcx:datafield tag="021" ind1="0" ind2="0">
        <marcx:subfield code="a">87-588-0114-6</marcx:subfield>
        <marcx:subfield code="b">1.-5. oplag</marcx:subfield>
        <marcx:subfield code="c">hf.</marcx:subfield>
        <marcx:subfield code="d">kr. 128,00</marcx:subfield>
      </marcx:datafield>
      <marcx:datafield tag="021" ind1="0" ind2="0">
        <marcx:subfield code="a">87-89677-86-2</marcx:subfield>
        <marcx:subfield code="c">ib.</marcx:subfield>
        <marcx:subfield code="d">kr. 59,00</marcx:subfield>
      </marcx:datafield>
      <marcx:datafield tag="032" ind1="0" ind2="0">
        <marcx:subfield code="x">SKO199302</marcx:subfield>
        <marcx:subfield code="x">BÃ199204</marcx:subfield>
        <marcx:subfield code="a">DBF199228</marcx:subfield>
        <marcx:subfield code="x">SFD199228</marcx:subfield>
        <marcx:subfield code="x">DAT991243</marcx:subfield>
      </marcx:datafield>
      <marcx:datafield tag="042" ind1="0" ind2="0">
        <marcx:subfield code="a">31</marcx:subfield>
        <marcx:subfield code="b">Ml 13,8 + Lo 17,5</marcx:subfield>
      </marcx:datafield>
      <marcx:datafield tag="100" ind1="0" ind2="0">
        <marcx:subfield code="a">Jürgensen</marcx:subfield>
        <marcx:subfield code="h">Dennis</marcx:subfield>
      </marcx:datafield>
      <marcx:datafield tag="245" ind1="0" ind2="0">
        <marcx:subfield code="a">Bøvsedragernes hemmelighed</marcx:subfield>
        <marcx:subfield code="e">Dennis Jürgensen</marcx:subfield>
        <marcx:subfield code="f">med tegninger af Peder Bundgêd</marcx:subfield>
      </marcx:datafield>
      <marcx:datafield tag="250" ind1="0" ind2="0">
        <marcx:subfield code="x">5. oplag</marcx:subfield>
        <marcx:subfield code="b">÷</marcx:subfield>
      </marcx:datafield>
      <marcx:datafield tag="260" ind1="0" ind2="0">
        <marcx:subfield code="&amp;">1</marcx:subfield>
        <marcx:subfield code="a">[Ruds-Vedby]</marcx:subfield>
        <marcx:subfield code="b">Tellerup</marcx:subfield>
        <marcx:subfield code="c">[1992]</marcx:subfield>
        <marcx:subfield code="k">N. Christensen Grafik</marcx:subfield>
      </marcx:datafield>
      <marcx:datafield tag="300" ind1="0" ind2="0">
        <marcx:subfield code="a">132 sider</marcx:subfield>
        <marcx:subfield code="b">ill.</marcx:subfield>
      </marcx:datafield>
      <marcx:datafield tag="504" ind1="0" ind2="0">
        <marcx:subfield code="&amp;">1</marcx:subfield>
        <marcx:subfield code="a">Humoristisk fortælling. På ryggen af bøvsedragen Nitan flyver Freddy og hans monstervenner til Himalaya-bjergenes dyb for at afsløre bøvsedragernes hemmelighed. Uheldigvis forsvinder Nitan sporløst, og vennerne konfronteres med Den afskyelige Snemand</marcx:subfield>
      </marcx:datafield>
      <marcx:datafield tag="520" ind1="0" ind2="0">
        <marcx:subfield code="&amp;">1</marcx:subfield>
        <marcx:subfield code="a">Originaludgave: 1984</marcx:subfield>
      </marcx:datafield>
      <marcx:datafield tag="520" ind1="0" ind2="0">
        <marcx:subfield code="a">Tidligere: 1. udgave. 1984</marcx:subfield>
      </marcx:datafield>
      <marcx:datafield tag="526" ind1="0" ind2="0">
        <marcx:subfield code="&amp;">1</marcx:subfield>
        <marcx:subfield code="a">3. del af: Balladen om den forsvundne mumie. Seriens indhold se denne</marcx:subfield>
      </marcx:datafield>
      <marcx:datafield tag="652" ind1="0" ind2="0">
        <marcx:subfield code="n">86</marcx:subfield>
        <marcx:subfield code="z">096</marcx:subfield>
      </marcx:datafield>
      <marcx:datafield tag="652" ind1="0" ind2="0">
        <marcx:subfield code="o">sk</marcx:subfield>
      </marcx:datafield>
      <marcx:datafield tag="666" ind1="0" ind2="0">
        <marcx:subfield code="0"/>
        <marcx:subfield code="u">for 11 år</marcx:subfield>
      </marcx:datafield>
      <marcx:datafield tag="666" ind1="0" ind2="0">
        <marcx:subfield code="0"/>
        <marcx:subfield code="u">for 12 år</marcx:subfield>
      </marcx:datafield>
      <marcx:datafield tag="666" ind1="0" ind2="0">
        <marcx:subfield code="0"/>
        <marcx:subfield code="u">for 13 år</marcx:subfield>
      </marcx:datafield>
      <marcx:datafield tag="d08" ind1="0" ind2="0">
        <marcx:subfield code="a">ad/hh-lo (021/1 tilf. 9146)/bj-bvl (sidst 9202)</marcx:subfield>
      </marcx:datafield>
      <marcx:datafield tag="d08" ind1="0" ind2="0">
        <marcx:subfield code="a">masserettet i forb. med konvertering af aldersnoter</marcx:subfield>
      </marcx:datafield>
      <marcx:datafield tag="s10" ind1="0" ind2="0">
        <marcx:subfield code="a">DBC</marcx:subfield>
      </marcx:datafield>
      <marcx:datafield tag="z99" ind1="0" ind2="0">
        <marcx:subfield code="a">masseret</marcx:subfield>
      </marcx:datafield>
      <marcx:datafield tag="n55" ind1="0" ind2="0">
        <marcx:subfield code="a">20050301</marcx:subfield>
      </marcx:datafield>
    </marcx:record>
